<collection xmlns="http://www.loc.gov/MARC21/slim">
<record>
  <leader>01558nam0a2200241 i 450 </leader>
  <controlfield tag="001">IT\ICCU\CNCE\052954</controlfield>
  <controlfield tag="005">20131114000000.0</controlfield>
  <datafield tag="012" ind1=" " ind2=" ">
    <subfield code="a">t.p* m.am m.o. GeGe (C) 1559 (R)</subfield>
    <subfield code="2">fei</subfield>
  </datafield>
  <datafield tag="100" ind1=" " ind2=" ">
    <subfield code="a">20020507d1559        0itac0103    ba</subfield>
  </datafield>
  <datafield tag="101" ind1=" " ind2=" ">
    <subfield code="a">LAT</subfield>
  </datafield>
  <datafield tag="102" ind1=" " ind2=" ">
    <subfield code="a">IT</subfield>
  </datafield>
  <datafield tag="200" ind1="1" ind2=" ">
    <subfield code="a">Index auctorum, et librorum, qui ab officio s. rom. et uniuersalis Inquisitionis caueri ab omnibus, et singulis in uniuersa christiana republica mandantur; sub censuris contra legentes, uel tenentes libros prohibitos in bulla, quae lecta est in coena Domini, expressis, et sub alijs poenis in decreto eiusdem Sacri Officij contentis</subfield>
  </datafield>
  <datafield tag="210" ind1=" " ind2=" ">
    <subfield code="a">Venetiis</subfield>
    <subfield code="c">Hieronymus Lilius et socij excudebant. Die XXI Iulij</subfield>
    <subfield code="d">1559</subfield>
    <subfield code="e">Venetiis</subfield>
    <subfield code="g">Hieronymus Lilius et socij excudebant</subfield>
  </datafield>
  <datafield tag="215" ind1=" " ind2=" ">
    <subfield code="a">\32! c.</subfield>
    <subfield code="d">8ʻ</subfield>
  </datafield>
  <datafield tag="500" ind1="1" ind2="1">
    <subfield code="3">IT\ICCU\CNCE\051896</subfield>
    <subfield code="a">Index librorum prohibitorum</subfield>
  </datafield>
  <datafield tag="620" ind1=" " ind2=" ">
    <subfield code="a">IT</subfield>
    <subfield code="d">Venezia</subfield>
  </datafield>
  <datafield tag="712" ind1="0" ind2="2">
    <subfield code="a">Santa Sede</subfield>
    <subfield code="b"> : Congregazione dell&apos;Inquisizione</subfield>
    <subfield code="3">IT\ICCU\CNCA\022918</subfield>
  </datafield>
  <datafield tag="712" ind1="0" ind2="0">
    <subfield code="a">Giglio, Girolamo &amp; C.</subfield>
    <subfield code="3">IT\ICCU\CNCT\002866</subfield>
    <subfield code="4">650</subfield>
  </datafield>
  <datafield tag="791" ind1="0" ind2="2">
    <subfield code="a">Congregazione della Santa Romana ed Universale Inquisizione</subfield>
    <subfield code="3">24242</subfield>
    <subfield code="z">Santa Sede : Congregazione dell&apos;Inquisizione</subfield>
  </datafield>
  <datafield tag="791" ind1="0" ind2="2">
    <subfield code="a">Sacra Congregazione del Santo Uffizio</subfield>
    <subfield code="3">24243</subfield>
    <subfield code="z">Santa Sede : Congregazione dell&apos;Inquisizione</subfield>
  </datafield>
  <datafield tag="801" ind1=" " ind2="3">
    <subfield code="a">IT</subfield>
    <subfield code="b">ICCU</subfield>
    <subfield code="c">20201115</subfield>
  </datafield>
  <datafield tag="899" ind1=" " ind2=" ">
    <subfield code="a">Biblioteca d&apos;arte del Museo civico Correr. Venezia</subfield>
    <subfield code="1">VE0039</subfield>
    <subfield code="2">VEA BC</subfield>
  </datafield>
  <datafield tag="921" ind1=" " ind2=" ">
    <subfield code="a">IT\ICCU\CNCM\000182</subfield>
    <subfield code="b">Tre gigli e una piramide in un ovale. In cornice figurata</subfield>
    <subfield code="e">Virtus labi nescit ; Nescit labi virtus.</subfield>
    <subfield code="c">V362</subfield>
    <subfield code="c">Z660</subfield>
    <subfield code="d">Dimensioni: 6,1 x 6,1</subfield>
    <subfield code="f">GIGLI</subfield>
    <subfield code="f">OVALE</subfield>
    <subfield code="f">PIRAMIDE</subfield>
    <subfield code="f">VIRTUSNESC</subfield>
    <subfield code="g">1559-1566</subfield>
  </datafield>
</record>
</collection>
